@misc{Gilles2017,
  author = {G. Dejaegere},
  title = {Promethee},
  year = {2017},
  publisher = {GitHub},
  journal = {GitHub repository},
  howpublished = {\url{https://github.com/gdejaege/Promethee}, last consulted: 31-05-2017}
}

@inproceedings{RobPII,
  title={About the computation of robust PROMETHEE II rankings: Empirical evidence},
  author={Y. De Smet},
  booktitle={Industrial Engineering and Engineering Management (IEEM), 2016 IEEE International Conference on},
  pages={1116--1120},
  year={2016},
  organization={IEEE}
}

@inproceedings{RefPII,
  title={On the use of reference profiles to compute alternative PROMETHEE II rankings: A preliminary study},
  author={N.A.V. Doan, and Y. De Smet},
  booktitle={Industrial Engineering and Engineering Management (IEEM), 2016 IEEE International Conference on},
  pages={326--330},
  year={2016},
  organization={IEEE}
}

@misc{EPI,
  author = "A. Hsu and al.",
  howpublished = {New Haven, CT: Yale University.},
  title = {2016 Environmental Performance Index.},
  note = { Available: \url{www.epi.yale.edu}, last consulted: 24-05-2017},
}
@misc{SHA,
  title = {Academic Ranking of World Universities.},
  note = { Available: \url{http://www.shanghairanking.com/ARWU2016.html}, last consulted: 24-05-2017},
}

@misc{HDI,
  title = {Human Development Reports.},
  note = { Available: \url{http://hdr.undp.org/}, last consulted: 24-05-2017},
}

@Inbook{DecisionEng,
author="Y. De Smet",
title="MATH-H-405 Decision Engineering",
year="2016"
}

@Inbook{Brans2016,
author="J.P. Brans
and Y. De Smet",
editor="S. Greco
and M. Ehrgott 
and J.R. Figueira",
title="PROMETHEE Methods",
bookTitle="Multiple Criteria Decision Analysis: State of the Art Surveys",
year="2016",
publisher="Springer New York",
address="New York, NY",
pages="187--219",
isbn="978-1-4939-3094-4",
doi="10.1007/978-1-4939-3094-4_6",
url="http://dx.doi.org/10.1007/978-1-4939-3094-4_6"
}

@article{eppe2014adaptive,
  title={An adaptive questioning procedure for eliciting PROMETHEE II’s weight parameters},
  author={S. Eppe and Y. De Smet},
  journal={International Journal of Multicriteria Decision Making},
  volume={4},
  number={1},
  pages={1--30},
  year={2014},
  publisher={Inderscience Publishers Ltd}
}

@article{Verly2013,
  title={Some results about rank reversal instances in the PROMETHEE methods},
  author={C. Verly and Y. De Smet},
  journal={International Journal of Multicriteria Decision Making 71},
  volume={3},
  number={4},
  pages={325--345},
  year={2013},
  publisher={Inderscience Publishers Ltd}
}

@Inbook{DeSmet2013,
author="Y. De Smet
and K. Lidouh",
editor="M-A. Aufaure
and E. Zim{\'a}nyi",
title="An Introduction to Multicriteria Decision Aid: The PROMETHEE and GAIA Methods",
bookTitle="Business Intelligence: Second European Summer School, eBISS 2012, Brussels, Belgium, July 15-21, 2012, Tutorial Lectures",
year="2013",
publisher="Springer Berlin Heidelberg",
address="Berlin, Heidelberg",
pages="150--176",
isbn="978-3-642-36318-4",
doi="10.1007/978-3-642-36318-4_7",
url="http://dx.doi.org/10.1007/978-3-642-36318-4_7"
}


@article{Roy2010629,
title = "Robustness in operational research and decision aiding: A multi-faceted issue ",
journal = "European Journal of Operational Research ",
volume = "200",
number = "3",
pages = "629 - 638",
year = "2010",
note = "",
issn = "0377-2217",
doi = "http://dx.doi.org/10.1016/j.ejor.2008.12.036",
url = "http://www.sciencedirect.com/science/article/pii/S0377221708010564",
author = "B. Roy",
keywords = "Decision support",
keywords = "Robustness",
keywords = "Multiple criteria",
keywords = "Uncertainty",
keywords = "Optimization "
}


@article{Behzadian2010198,
title = "PROMETHEE: A comprehensive literature review on methodologies and applications ",
journal = "European Journal of Operational Research ",
volume = "200",
number = "1",
pages = "198 - 215",
year = "2010",
note = "",
issn = "0377-2217",
doi = "http://dx.doi.org/10.1016/j.ejor.2009.01.021",
url = "http://www.sciencedirect.com/science/article/pii/S0377221709000071",
author = "M. Behzadian and R.B. Kazemzadeh and A. Albadvi and M. Aghdasi",
keywords = "MCDA",
keywords = "PROMETHEE",
keywords = "GAIA",
keywords = "Literature review",
keywords = "Application areas",
keywords = "Outranking "
}

@article{wang2009rank,
  title={On rank reversal in decision analysis},
  author={Y.M. Wang and Y. Luo},
  journal={Mathematical and Computer Modelling},
  volume={49},
  number={5},
  pages={1221--1229},
  year={2009},
  publisher={Elsevier}
}


@inproceedings{mareschal2008rank,
  title={Rank reversal in the PROMETHEE II method: some new results},
  author={B. Mareschal and Y. De Smet and Ph. Nemery},
  booktitle={2008 IEEE International Conference on Industrial Engineering and Engineering Management},
  pages={959--963},
  year={2008},
  organization={IEEE}
}

@Article{Kobza2007,
author="J.E. Kobza
and S.H. Jacobson
and D.E. Vaughan",
title="A Survey of the Coupon Collector's Problem with Random Sample Sizes",
journal="Methodology and Computing in Applied Probability",
year="2007",
volume="9",
number="4",
pages="573--584",
abstract="This paper surveys the coupon collector's waiting time problem with random sample sizes and equally likely balls. Consider an urn containing m red balls. For each draw, a random number of balls are removed from the urn. The group of removed balls is painted white and returned to the urn. Several approaches to addressing this problem are discussed, including a Markov chain approach to compute the distribution and expected value of the number of draws required for the urn to contain j white balls given that it currently contains i white balls. As a special case, E[N], the expected number of draws until all the balls are white given that all are currently red is also obtained.",
issn="1573-7713",
doi="10.1007/s11009-006-9013-3",
url="http://dx.doi.org/10.1007/s11009-006-9013-3"
}

@article{Hites2006322,
title = "About the applicability of \{MCDA\} to some robustness problems ",
journal = "European Journal of Operational Research ",
volume = "174",
number = "1",
pages = "322 - 332",
year = "2006",
note = "",
issn = "0377-2217",
doi = "http://dx.doi.org/10.1016/j.ejor.2005.01.031",
url = "http://www.sciencedirect.com/science/article/pii/S0377221705001785",
author = "R. Hites and Y. De Smet and N. Risse and M. Salazar-Neumann and P. Vincke",
keywords = "Multicriteria analysis",
keywords = "Robustness "
}

@misc{barrico2006robustness,
  title={Robustness Analysis in Evolutionary Multi-Objective Optimization},
  author={C. Barrico and C.H. Antunes},
  year={2006},
  publisher={C.H. Antunes}
}

@book{Mitzenmacher:2005:PCR:1076315,
 author = {M. Mitzenmacher and E. Upfal},
 title = {Probability and Computing: Randomized Algorithms and Probabilistic Analysis},
 year = {2005},
 isbn = {0521835402},
 publisher = {Cambridge University Press},
 address = {New York, NY, USA},
} 

@Inbook{Bertrand2002,
  author={B. Mareschal and J.P. Brans},
  title={{Prométhée-Gaia: une méthodologie d'aide à la décision en présence de critères multiples}},
  year=2002,
  month="December",
  institution={ULB -- Universite Libre de Bruxelles},
  publisher="Editions Ellipses",
  type={ULB Institutional Repository},
  url={https://ideas.repec.org/p/ulb/ulbeco/2013-9303.html},
  number={2013/9303},
  abstract={No abstract is available for this item.},
  keywords={},
  doi={},
}

@inproceedings{iyengar2001evaluating,
  title={Evaluating multiple attribute items using queries},
  author={V.S. Iyengar and J. Lee and M. Campbell},
  booktitle={Proceedings of the 3rd ACM conference on Electronic Commerce},
  pages={144--153},
  year={2001},
  organization={ACM}
}

@article{de1996note,
  title={A note on the use of PROMETHEE multicriteria methods},
  author={W. De Keyser and P. Peeters},
  journal={European Journal of Operational Research},
  volume={89},
  number={3},
  pages={457--461},
  year={1996},
  publisher={Elsevier}
}

@Article{Whitley1994,
author="D. Whitley",
title="A genetic algorithm tutorial",
journal="Statistics and Computing",
year="1994",
volume="4",
number="2",
pages="65--85",
abstract="This tutorial covers the canonical genetic algorithm as well as more experimental forms of genetic algorithms, including parallel island models and parallel cellular genetic algorithms. The tutorial also illustrates genetic search by hyperplane sampling. The theoretical foundations of genetic algorithms are reviewed, include the schema theorem as well as recently developed exact models of the canonical genetic algorithm.",
issn="1573-1375",
doi="10.1007/BF00175354",
url="http://dx.doi.org/10.1007/BF00175354"
}

@article{brans1994promcalc,
  title={The PROMCALC \& GAIA decision support system for multicriteria decision aid},
  author={J.P. Brans and B. Mareschal},
  journal={Decision support systems},
  volume={12},
  number={4-5},
  pages={297--310},
  year={1994},
  publisher={Elsevier}
}

@BOOK{Vin92,
AUTHOR={{Ph}. Vincke},
TITLE="Multicriteria Decision-Aid",
PUBLISHER="J. Wiley, New York",
YEAR=1992 
}


@article{ROY1990324,
title = "Decision-aid and decision-making",
journal = "European Journal of Operational Research",
volume = "45",
number = "2",
pages = "324 - 331",
year = "1990",
note = "",
issn = "0377-2217",
doi = "http://dx.doi.org/10.1016/0377-2217(90)90196-I",
url = "http://www.sciencedirect.com/science/article/pii/037722179090196I",
author = "B. Roy",
keywords = "Decision analysis",
keywords = "multiple criteria decision making",
keywords = "multi-attribute utility theory",
keywords = "outranking methods",
keywords = "decision-making",
keywords = "decision-aid"
}

@book{roy1book85,
author="B. Roy",
title="M\'ethodologie multicrit\`ere d'aide \`a la d\'ecision",
publisher="Economica",
address="Paris",
year=1985 
}

@ARTICLE{BransVincke85,
author = {{J.P} Brans and {Ph}. Vincke},
title = {A preference ranking organization method},
journal = {Management Science},
year = {1985},
volume = {31},
number = {6},
pages = {647-656},
}

@article{belton1983short,
  title={On a short-coming of Saaty's method of analytic hierarchies},
  author={V. Belton and T. Gear},
  journal={Omega},
  volume={11},
  number={3},
  pages={228--230},
  year={1983},
  publisher={Pergamon}
}

@article{tversky1969,
  title={19 Intransitivity of Preferences},
  author={A. Tversky},
  journal={Preference, Belief, and Similarity},
  pages={433},
  year={1969}
}


@article{Roy1968,
author = {Roy, B.},
journal = {RAIRO - Operations Research - Recherche Opérationnelle},
language = {fre},
number = {V1},
pages = {57-75},
publisher = {EDP-Sciences},
title = {Classement et choix en présence de points de vue multiples},
url = {http://eudml.org/doc/104443},
volume = {2},
year = {1968},
}


@article{Luce1956,
author={R.D. Luce},
year={1956},
month={04},
title={Semiorders and a theory of utility discrimination},
journal={Econometrica},
volume={24},
number={2},
pages={178-191},
note={Date revised - 2013-06-12; Last updated - 2013-09-16; SubjectsTermNotLitGenreText - 3889 6071 1542 11325; 5403 8010 4025; 13221; 13521},
keywords={Economics; Game theory; Economic behaviour; Utility theory; Welfare},
language={English},
url={https://search-proquest-com.ezproxy.ulb.ac.be/docview/37489918?accountid=17194},
}

@article{arrow1950difficulty,
  title={A difficulty in the concept of social welfare},
  author={K.J. Arrow},
  journal={Journal of political economy},
  volume={58},
  number={4},
  pages={328--346},
  year={1950},
  publisher={The University of Chicago Press}
}

